<record><leader>00000cas a22000007a 4500</leader><controlfield tag="001">23612733</controlfield><controlfield tag="008">910426d19101912coudn ne      0    0eng d</controlfield><datafield ind1=" " ind2=" " tag="010"><subfield code="a">sn 91052534 </subfield></datafield><datafield ind1=" " ind2=" " tag="040"><subfield code="a">CNQ</subfield><subfield code="b">eng</subfield><subfield code="c">CNQ</subfield><subfield code="d">OCLCQ</subfield></datafield><datafield ind1=" " ind2=" " tag="042"><subfield code="a">msc</subfield></datafield><datafield ind1="0" ind2="0" tag="245"><subfield code="a">Daily western empire.</subfield></datafield><datafield ind1="1" ind2="3" tag="246"><subfield code="a">Western empire</subfield></datafield><datafield ind1=" " ind2=" " tag="260"><subfield code="a">Montrose, Colo. :</subfield><subfield code="b">Western Empire Pub. Co.</subfield></datafield><datafield ind1=" " ind2=" " tag="300"><subfield code="a">v.</subfield></datafield><datafield ind1=" " ind2=" " tag="310"><subfield code="a">Daily (except Mon.)</subfield></datafield><datafield ind1="1" ind2=" " tag="362"><subfield code="a">Began in 1910? Ceased in 1912.</subfield></datafield><datafield ind1=" " ind2=" " tag="580"><subfield code="a">Weekly ed.: Western empire (Montrose, Colo.).</subfield></datafield><datafield ind1=" " ind2=" " tag="588"><subfield code="a">Description based on: Vol. 2, no. 1 (May 2, 1911).</subfield></datafield><datafield ind1=" " ind2=" " tag="752"><subfield code="a">United States</subfield><subfield code="b">Colorado</subfield><subfield code="c">Montrose</subfield><subfield code="d">Montrose.</subfield></datafield><datafield ind1="1" ind2=" " tag="775"><subfield code="t">Western empire (Montrose, Colo.)</subfield><subfield code="w">(DLC)sn 91052533</subfield></datafield><datafield ind1="0" ind2="7" tag="785"><subfield code="t">Montrose daily press (Montrose, Colo. : 1908)</subfield><subfield code="w">(DLC)sn 90051324</subfield></datafield><datafield ind1="0" ind2="7" tag="785"><subfield code="t">Montrose daily press and daily western empire</subfield><subfield code="w">(DLC)sn 90051330</subfield></datafield></record>